%% This BibTeX bibliography file was created using BibDesk.
%% https://bibdesk.sourceforge.io/

%% Created for Andrew Zieffler at 2021-12-08 08:36:02 -0600 


%% Saved with string encoding Unicode (UTF-8) 



@book{Keith:2015,
	address = {New York},
	author = {Timothy V. Keith},
	date-added = {2021-12-08 08:35:51 -0600},
	date-modified = {2021-12-08 08:35:51 -0600},
	edition = {2},
	publisher = {Routledge},
	title = {Multiple Regression and Beyond: An Introduction to Multiple Regression and Structural Equation Modeling},
	year = {2015}}

@article{Tibshirani:1996,
	author = {Tibshirani, Robert},
	date-added = {2020-10-19 13:41:10 -0500},
	date-modified = {2020-10-19 13:42:07 -0500},
	journal = {Journal of the Royal Statistical Society. Series B (Methodological)},
	number = {1},
	pages = {267--288},
	title = {Regression Shrinkage and Selection via the Lasso},
	volume = {58},
	year = {1996}}

@article{Zou:2005,
	author = {Zou, Hui and Trevor Hastie},
	date-added = {2020-10-19 13:36:13 -0500},
	date-modified = {2020-10-19 13:37:24 -0500},
	journal = {Journal of the Royal Statistical Society: Series B (Statistical Methodology)},
	number = {2},
	pages = {301--320},
	title = {Regularization and Variable Selection via the Elastic Net},
	volume = {67},
	year = {2005}}

@book{The-Iowa-State-Bar-Association:2018,
	author = {{The Iowa State Bar Association}},
	date-added = {2020-10-13 18:16:24 -0500},
	date-modified = {2020-10-13 18:17:25 -0500},
	publisher = {{The Iowa State Bar Association}},
	title = {2018 Judicial Performance Review},
	url = {https://cdn.ymaws.com/www.iowabar.org/resource/resmgr/judicial_performance_review/2018/2018_Judicial_Performance_Re.pdf},
	year = {2018},
	bdsk-url-1 = {https://cdn.ymaws.com/www.iowabar.org/resource/resmgr/judicial_performance_review/2018/2018_Judicial_Performance_Re.pdf}}

@article{Stack:1979,
	author = {Steven Stack},
	date-added = {2020-09-25 08:27:37 -0500},
	date-modified = {2020-09-25 08:28:27 -0500},
	journal = {American Sociological Review},
	number = {1},
	pages = {168-171},
	title = {The Effects of Political Participation and Socialist Party Strength on the Degree of Income Inequality},
	volume = {44},
	year = {1979}}

@book{Hastie:2009,
	address = {New Yoork},
	author = {Hastie, T. and Tibshirani, R. and Friedman, J.},
	date-added = {2018-11-25 10:11:50 -0600},
	date-modified = {2018-11-25 10:12:46 -0600},
	edition = {2},
	publisher = {Springer},
	title = {The Elements of Statistical Learning},
	year = {2009}}

@book{James:2013,
	address = {New York},
	author = {James, Gareth and Witten, Daniela and Hastie, Trevor and Tibshirani, Robert},
	date-added = {2018-11-23 11:29:35 -0600},
	date-modified = {2018-11-23 11:31:31 -0600},
	publisher = {Springer},
	title = {An Introduction to Statistical Learning: with Applications in {R}},
	year = {2013}}

@book{Berk:2016,
	address = {New York},
	author = {Richard Berk},
	date-added = {2018-11-16 12:25:40 -0600},
	date-modified = {2018-11-16 12:26:48 -0600},
	edition = {2},
	publisher = {Springer},
	title = {Statistical Learning from a Regression Perspective},
	year = {2016}}

@article{Long:2000,
	author = {J. S. Long and L. H. Ervin},
	date-added = {2018-10-23 20:17:34 -0500},
	date-modified = {2018-10-23 20:19:31 -0500},
	journal = {The American Statistician},
	pages = {217--224},
	title = {Using Heteroskedasticity Consistent Standard Errors in the Linear Regression Model},
	volume = {54},
	year = {2000}}

@inproceedings{Huber:1967,
	address = {Berkeley, CA},
	author = {Huber, P. J.},
	booktitle = {Proceedings of the Fifth Berkeley Symposium on Mathematical Statistics and Probability},
	date-added = {2018-10-23 20:06:50 -0500},
	date-modified = {2018-10-23 20:10:29 -0500},
	editor = {L. M. {Le Cam} and J. Neyman},
	pages = {221--233},
	publisher = {University of California Press},
	title = {The Behavior of Maximum Likelihood Estimates under Nonstandard Conditiona},
	year = {1967}}

@article{White:1980,
	author = {White, H.},
	date-added = {2018-10-23 19:25:11 -0500},
	date-modified = {2018-10-23 19:26:41 -0500},
	journal = {Econometrica},
	pages = {817--838},
	title = {A heteroskedasticity-Consistent Covariance Matrix Estimator and a Direct Test for Heteroskedasticity},
	volume = {38},
	year = {1980}}

@article{Box:1964,
	author = {Box, G. E. P. and Cox, D. R.},
	date-added = {2018-10-23 18:00:42 -0500},
	date-modified = {2018-10-23 18:01:29 -0500},
	journal = {Journal of the Royal Statisistical Society, Series B},
	pages = {211--246},
	title = {An Analysis of Transformations},
	volume = {26},
	year = {1964}}

@article{Shao:1997,
	author = {Jun Shao},
	date-added = {2018-10-19 10:50:09 -0500},
	date-modified = {2018-10-19 10:50:53 -0500},
	journal = {Statistica Sinica},
	pages = {221--264},
	title = {An Asymptotic Theory for Linear Model Selection},
	volume = {7},
	year = {1997}}

@article{Stone:1977,
	author = {M. Stone},
	date-added = {2018-10-19 10:06:58 -0500},
	date-modified = {2018-10-19 10:08:47 -0500},
	journal = {Journal of the Royal Statistical Society, Series B},
	pages = {44--47},
	title = {An Asymptotic Equivalence of Choice of Model by Cross-Validation and Akaike's Criterion},
	volume = {39},
	year = {1977}}

@book{Weisberg:2005,
	address = {New York},
	author = {Sanford Weisberg},
	date-added = {2018-10-17 20:37:35 -0500},
	date-modified = {2018-10-17 20:38:20 -0500},
	edition = {3},
	publisher = {Wiley},
	title = {Applied Linear Regression},
	year = {2005}}

@article{Weisberg:1986,
	author = {Sanford Weisberg},
	date-added = {2018-10-17 20:36:07 -0500},
	date-modified = {2018-10-17 20:37:08 -0500},
	journal = {Journal of the American Statistical Association},
	pages = {922--929},
	title = {A linear model approach to the backcalculation of fish length},
	volume = {81},
	year = {1986}}

@misc{Goeman:2018,
	author = {Jelle Goeman and Rosa Meijer and Nimisha Chaturvedi},
	date-added = {2018-10-10 10:15:22 -0500},
	date-modified = {2018-10-10 10:17:50 -0500},
	howpublished = {R Vignette},
	title = {L1 and L2 Penalized Regression Models},
	url = {https://cran.r-project.org/web/packages/penalized/vignettes/penalized.pdf},
	year = {2018},
	bdsk-url-1 = {https://cran.r-project.org/web/packages/penalized/vignettes/penalized.pdf}}

@book{Belsley:1991,
	address = {New York},
	author = {Belsley, D.A.},
	date-added = {2018-10-06 17:09:07 -0500},
	date-modified = {2018-10-07 17:11:48 -0500},
	publisher = {John Wiley & Sons.},
	title = {Conditioning Diagnostics, Collinearity and Weak Data in Regression},
	year = {1991}}

@book{Belsley:1980,
	address = {New York},
	author = {D. Belsley and E. Kuh and R. Welsch},
	date-added = {2018-10-06 17:07:22 -0500},
	date-modified = {2018-10-06 17:08:06 -0500},
	publisher = {Wiley},
	title = {Regression Diagnostics},
	year = {1980}}

@book{Chatterjee:2012,
	address = {New York},
	author = {Samprit Chatterjee and Ali S. Hadi},
	date-added = {2018-10-05 08:18:51 -0500},
	date-modified = {2018-10-07 17:19:23 -0500},
	publisher = {Wiley},
	title = {Regression Analysis by Example},
	year = {2012}}

@book{Coleman:1966,
	address = {Washington, DC},
	author = {J. S. Coleman and E. Q. Cambell and C. J. Hobson and J. McPartland and A. M. Mood and F. D. Weinfield and R. L. York},
	date-added = {2018-10-05 08:15:40 -0500},
	date-modified = {2018-10-07 17:09:07 -0500},
	publisher = {U.S. Government Printing Office},
	title = {Equality of Educational Opportunity},
	year = {1966}}

@book{Mosteller:1972,
	address = {New York},
	author = {Frederick Mosteller and D. F. Moynihan},
	date-added = {2018-10-05 08:13:18 -0500},
	date-modified = {2018-10-05 08:15:06 -0500},
	publisher = {Random House},
	title = {On Equality of Educational Opportunity},
	year = {1972}}

@book{Fox:2016,
	address = {Thousand Oaks, CA},
	author = {John Fox},
	date-added = {2018-09-10 11:59:06 -0500},
	date-modified = {2018-09-10 12:00:27 -0500},
	edition = {3},
	publisher = {Sage},
	title = {Applied Regression Analysis \& Generalized Linear Models},
	year = {2016}}

@book{Snijders:2012,
	address = {Thousand Oaks, CA},
	author = {Tom A. B. Snijders and Roel J. Bosker},
	date-added = {2018-03-30 00:11:32 +0000},
	date-modified = {2018-03-30 00:13:01 +0000},
	edition = {2},
	publisher = {Sage},
	title = {Multilevel Analysis: An Introduction to Basic and Advanced Multilevel Modeling},
	year = {2012}}

@article{Hasson:2010,
	author = {Dan Hasson and Petter Gustavsson},
	date-added = {2018-03-08 13:54:00 +0000},
	date-modified = {2018-03-08 13:56:24 +0000},
	journal = {PLOS One},
	number = {12},
	pages = {e14265},
	title = {Declining Sleep Quality among Nurses: A Population-Based Four-Year Longitudinal Study on the Transition from Nursing Education to Working Life},
	url = {https://doi.org/10.1371/journal.pone.0014265},
	volume = {5},
	year = {2010},
	bdsk-url-1 = {https://doi.org/10.1371/journal.pone.0014265}}

@book{Myers:2003,
	address = {Mahwah, NJ},
	author = {Jerome L. Myers and Arnold D. Well},
	date-added = {2018-03-07 18:11:35 +0000},
	date-modified = {2018-03-07 18:13:00 +0000},
	edition = {2},
	publisher = {Lawrence Erlbaum Associates},
	title = {Research Design and Statistical Analysis},
	year = {2003}}

@article{Hamermesh:2005,
	author = {Hamermesh, D. S. and Parker, A. M.},
	date-added = {2018-02-20 19:23:04 +0000},
	date-modified = {2018-02-20 19:23:52 +0000},
	journal = {Economics of Education Review},
	pages = {369--376},
	title = {Beauty in the classroom: Instructors' pulchritude and putative pedagogical productivity},
	volume = {24},
	year = {2005}}

@book{Anderson:2008,
	address = {New York},
	author = {Anderson, D. R.},
	date-added = {2018-02-12 00:42:15 +0000},
	date-modified = {2018-02-12 00:43:09 +0000},
	publisher = {Springer},
	title = {Model based inference in the life sciences: A primer on evidence},
	year = {2008}}

@book{Fox:2009,
	address = {Thousand Oaks, CA},
	author = {John Fox},
	date-added = {2018-01-16 21:34:35 +0000},
	date-modified = {2018-01-16 21:35:12 +0000},
	publisher = {Sage},
	title = {A mathematical primer for social statistics},
	year = {2009}}

@book{Davison:1997,
	address = {New York},
	author = {Davison, A. and Hinkley, D. V.},
	date-added = {2018-01-10 02:51:55 +0000},
	date-modified = {2018-01-10 02:52:42 +0000},
	publisher = {Cambridge University Press},
	title = {Bootstrap methods and their application},
	year = {1997}}

@misc{Kenny:2016,
	author = {David A. Kenny},
	date-added = {2017-10-24 13:18:32 +0000},
	date-modified = {2017-10-24 13:20:38 +0000},
	howpublished = {Personal website},
	title = {Mediation},
	url = {http://davidakenny.net/cm/mediate.htm},
	year = {2016},
	bdsk-url-1 = {http://davidakenny.net/cm/mediate.htm}}

@article{Jones-White:2014,
	author = {Daniel R. Jones-White and Peter M. Radcliffe and Linda M. Lorenz and Krista M. Soria},
	date-added = {2017-04-14 21:05:25 +0000},
	date-modified = {2017-04-14 21:07:54 +0000},
	journal = {Research in Higher Education},
	number = {4},
	pages = {329--350},
	title = {Priced Out?: The Influence of Financial Aid on the Educational Trajectories of First-Year Students Starting College at a Large Research University},
	volume = {55},
	year = {2014}}

@book{Long:2012,
	address = {Thousand Oaks, CA},
	author = {Jeffrey D. Long},
	date-added = {2017-03-31 15:08:48 +0000},
	date-modified = {2017-03-31 15:11:24 +0000},
	publisher = {Sage Publications, Inc.},
	title = {Longitudinal Data Analysis for the Behavioral Sciences using {R}},
	year = {2012}}

@article{Woltman:2012,
	author = {Heather Woltman and Andrea Feldstein and J. Christine Mac{K}ay and Meredith Rocchi},
	date-added = {2017-03-15 21:21:00 +0000},
	date-modified = {2017-03-15 21:22:33 +0000},
	journal = {Tutorials in Quantitative Methods for Psychology},
	number = {1},
	pages = {52--69},
	title = {An Introduction to Hierarchical Linear Modeling},
	volume = {8},
	year = {2012}}

@article{Burnham:2011,
	author = {K. P. Burnham and D. R. Anderson and K. P. Huyvaert},
	date-added = {2017-02-18 16:11:34 +0000},
	date-modified = {2017-02-18 16:14:30 +0000},
	journal = {Behavioral Ecology and Sociobiology},
	number = {1},
	pages = {23--35},
	title = {{AIC} Model Selection and Multimodel Inference in Behavioral Ecology: Some Background, Observations, and Comparisons},
	volume = {65},
	year = {2011}}

@article{Hurvich:1989,
	author = {Hurvich, C.M. and Tsai, C.-L.},
	date-added = {2017-02-13 23:06:56 +0000},
	date-modified = {2017-02-13 23:07:46 +0000},
	journal = {Biometrika},
	pages = {297--307},
	title = {Regression and Time Series Model Selection in Small Samples,},
	volume = {76},
	year = {1989}}

@article{Benjamini:1995,
	author = {Benjamini, Yoav and Hochberg, Yosef},
	date-added = {2016-10-30 16:51:29 +0000},
	date-modified = {2016-10-30 16:52:51 +0000},
	journal = {Journal of the Royal Statistical Society, Series B},
	number = {1},
	pages = {289---300},
	title = {Controlling the false discovery rate: a practical and powerful approach to multiple testing},
	volume = {57},
	year = {1995}}

@article{Williams:1999,
	author = {Williams, V.S.L. and Jones, L.V. and Tukey, J.W.},
	date-added = {2016-10-30 15:31:58 +0000},
	date-modified = {2016-10-30 15:32:55 +0000},
	journal = {Journal of Educational and Behavioral Statistics},
	number = {1},
	pages = {42--69},
	title = {Controlling Error in Multiple Comparisons, With Examples From State-to-State Differences in Educational Achievement},
	volume = {24},
	year = {1999}}

@book{Lewis-Beck:2016,
	address = {Thousand Oaks, CA},
	author = {Colin Lewis-Beck and Michael Lewis-Beck},
	date-added = {2016-07-26 14:52:57 +0000},
	date-modified = {2017-01-10 16:52:04 +0000},
	edition = {2},
	publisher = {Sage},
	series = {Quantitative Applications in the Social Sciences},
	title = {Applied Regression: An Introduction},
	year = {2016}}

@book{Gelman:2007,
	address = {New York},
	author = {Andrew Gelman and Jennifer Hill},
	date-added = {2016-05-04 13:03:55 +0000},
	date-modified = {2016-05-04 13:06:21 +0000},
	publisher = {Cambridge University Press},
	title = {Data Analysis Using Regression and Multilevel/Hierarchical Models},
	year = {2007}}
