%% This BibTeX bibliography file was created using BibDesk.
%% https://bibdesk.sourceforge.io/

%% Created for Andrew Zieffler at 2020-10-19 13:42:12 -0500 


%% Saved with string encoding Unicode (UTF-8) 



@article{Tibshirani:1996,
	Author = {Tibshirani, Robert},
	Date-Added = {2020-10-19 13:41:10 -0500},
	Date-Modified = {2020-10-19 13:42:07 -0500},
	Journal = {Journal of the Royal Statistical Society. Series B (Methodological)},
	Number = {1},
	Pages = {267--288},
	Title = {Regression Shrinkage and Selection via the Lasso},
	Volume = {58},
	Year = {1996}}

@article{Zou:2005,
	Author = {Zou, Hui and Trevor Hastie},
	Date-Added = {2020-10-19 13:36:13 -0500},
	Date-Modified = {2020-10-19 13:37:24 -0500},
	Journal = {Journal of the Royal Statistical Society: Series B (Statistical Methodology)},
	Number = {2},
	Pages = {301--320},
	Title = {Regularization and Variable Selection via the Elastic Net},
	Volume = {67},
	Year = {2005}}

@book{The-Iowa-State-Bar-Association:2018,
	Author = {{The Iowa State Bar Association}},
	Date-Added = {2020-10-13 18:16:24 -0500},
	Date-Modified = {2020-10-13 18:17:25 -0500},
	Publisher = {{The Iowa State Bar Association}},
	Title = {2018 Judicial Performance Review},
	Url = {https://cdn.ymaws.com/www.iowabar.org/resource/resmgr/judicial_performance_review/2018/2018_Judicial_Performance_Re.pdf},
	Year = {2018},
	Bdsk-Url-1 = {https://cdn.ymaws.com/www.iowabar.org/resource/resmgr/judicial_performance_review/2018/2018_Judicial_Performance_Re.pdf}}

@article{Stack:1979,
	Author = {Steven Stack},
	Date-Added = {2020-09-25 08:27:37 -0500},
	Date-Modified = {2020-09-25 08:28:27 -0500},
	Journal = {American Sociological Review},
	Number = {1},
	Pages = {168-171},
	Title = {The Effects of Political Participation and Socialist Party Strength on the Degree of Income Inequality},
	Volume = {44},
	Year = {1979}}

@book{Hastie:2009,
	Address = {New Yoork},
	Author = {Hastie, T. and Tibshirani, R. and Friedman, J.},
	Date-Added = {2018-11-25 10:11:50 -0600},
	Date-Modified = {2018-11-25 10:12:46 -0600},
	Edition = {2},
	Publisher = {Springer},
	Title = {The Elements of Statistical Learning},
	Year = {2009}}

@book{James:2013,
	Address = {New York},
	Author = {James, Gareth and Witten, Daniela and Hastie, Trevor and Tibshirani, Robert},
	Date-Added = {2018-11-23 11:29:35 -0600},
	Date-Modified = {2018-11-23 11:31:31 -0600},
	Publisher = {Springer},
	Title = {An Introduction to Statistical Learning: with Applications in {R}},
	Year = {2013}}

@book{Berk:2016,
	Address = {New York},
	Author = {Richard Berk},
	Date-Added = {2018-11-16 12:25:40 -0600},
	Date-Modified = {2018-11-16 12:26:48 -0600},
	Edition = {2},
	Publisher = {Springer},
	Title = {Statistical Learning from a Regression Perspective},
	Year = {2016}}

@article{Long:2000,
	Author = {J. S. Long and L. H. Ervin},
	Date-Added = {2018-10-23 20:17:34 -0500},
	Date-Modified = {2018-10-23 20:19:31 -0500},
	Journal = {The American Statistician},
	Pages = {217--224},
	Title = {Using Heteroskedasticity Consistent Standard Errors in the Linear Regression Model},
	Volume = {54},
	Year = {2000}}

@inproceedings{Huber:1967,
	Address = {Berkeley, CA},
	Author = {Huber, P. J.},
	Booktitle = {Proceedings of the Fifth Berkeley Symposium on Mathematical Statistics and Probability},
	Date-Added = {2018-10-23 20:06:50 -0500},
	Date-Modified = {2018-10-23 20:10:29 -0500},
	Editor = {L. M. {Le Cam} and J. Neyman},
	Pages = {221--233},
	Publisher = {University of California Press},
	Title = {The Behavior of Maximum Likelihood Estimates under Nonstandard Conditiona},
	Year = {1967}}

@article{White:1980,
	Author = {White, H.},
	Date-Added = {2018-10-23 19:25:11 -0500},
	Date-Modified = {2018-10-23 19:26:41 -0500},
	Journal = {Econometrica},
	Pages = {817--838},
	Title = {A heteroskedasticity-Consistent Covariance Matrix Estimator and a Direct Test for Heteroskedasticity},
	Volume = {38},
	Year = {1980}}

@article{Box:1964,
	Author = {Box, G. E. P. and Cox, D. R.},
	Date-Added = {2018-10-23 18:00:42 -0500},
	Date-Modified = {2018-10-23 18:01:29 -0500},
	Journal = {Journal of the Royal Statisistical Society, Series B},
	Pages = {211--246},
	Title = {An Analysis of Transformations},
	Volume = {26},
	Year = {1964}}

@article{Shao:1997,
	Author = {Jun Shao},
	Date-Added = {2018-10-19 10:50:09 -0500},
	Date-Modified = {2018-10-19 10:50:53 -0500},
	Journal = {Statistica Sinica},
	Pages = {221--264},
	Title = {An Asymptotic Theory for Linear Model Selection},
	Volume = {7},
	Year = {1997}}

@article{Stone:1977,
	Author = {M. Stone},
	Date-Added = {2018-10-19 10:06:58 -0500},
	Date-Modified = {2018-10-19 10:08:47 -0500},
	Journal = {Journal of the Royal Statistical Society, Series B},
	Pages = {44--47},
	Title = {An Asymptotic Equivalence of Choice of Model by Cross-Validation and Akaike's Criterion},
	Volume = {39},
	Year = {1977}}

@book{Weisberg:2005,
	Address = {New York},
	Author = {Sanford Weisberg},
	Date-Added = {2018-10-17 20:37:35 -0500},
	Date-Modified = {2018-10-17 20:38:20 -0500},
	Edition = {3},
	Publisher = {Wiley},
	Title = {Applied Linear Regression},
	Year = {2005}}

@article{Weisberg:1986,
	Author = {Sanford Weisberg},
	Date-Added = {2018-10-17 20:36:07 -0500},
	Date-Modified = {2018-10-17 20:37:08 -0500},
	Journal = {Journal of the American Statistical Association},
	Pages = {922--929},
	Title = {A linear model approach to the backcalculation of fish length},
	Volume = {81},
	Year = {1986}}

@misc{Goeman:2018,
	Author = {Jelle Goeman and Rosa Meijer and Nimisha Chaturvedi},
	Date-Added = {2018-10-10 10:15:22 -0500},
	Date-Modified = {2018-10-10 10:17:50 -0500},
	Howpublished = {R Vignette},
	Title = {L1 and L2 Penalized Regression Models},
	Url = {https://cran.r-project.org/web/packages/penalized/vignettes/penalized.pdf},
	Year = {2018},
	Bdsk-Url-1 = {https://cran.r-project.org/web/packages/penalized/vignettes/penalized.pdf}}

@book{Belsley:1991,
	Address = {New York},
	Author = {Belsley, D.A.},
	Date-Added = {2018-10-06 17:09:07 -0500},
	Date-Modified = {2018-10-07 17:11:48 -0500},
	Publisher = {John Wiley & Sons.},
	Title = {Conditioning Diagnostics, Collinearity and Weak Data in Regression},
	Year = {1991}}

@book{Belsley:1980,
	Address = {New York},
	Author = {D. Belsley and E. Kuh and R. Welsch},
	Date-Added = {2018-10-06 17:07:22 -0500},
	Date-Modified = {2018-10-06 17:08:06 -0500},
	Publisher = {Wiley},
	Title = {Regression Diagnostics},
	Year = {1980}}

@book{Chatterjee:2012,
	Address = {New York},
	Author = {Samprit Chatterjee and Ali S. Hadi},
	Date-Added = {2018-10-05 08:18:51 -0500},
	Date-Modified = {2018-10-07 17:19:23 -0500},
	Publisher = {Wiley},
	Title = {Regression Analysis by Example},
	Year = {2012}}

@book{Coleman:1966,
	Address = {Washington, DC},
	Author = {J. S. Coleman and E. Q. Cambell and C. J. Hobson and J. McPartland and A. M. Mood and F. D. Weinfield and R. L. York},
	Date-Added = {2018-10-05 08:15:40 -0500},
	Date-Modified = {2018-10-07 17:09:07 -0500},
	Publisher = {U.S. Government Printing Office},
	Title = {Equality of Educational Opportunity},
	Year = {1966}}

@book{Mosteller:1972,
	Address = {New York},
	Author = {Frederick Mosteller and D. F. Moynihan},
	Date-Added = {2018-10-05 08:13:18 -0500},
	Date-Modified = {2018-10-05 08:15:06 -0500},
	Publisher = {Random House},
	Title = {On Equality of Educational Opportunity},
	Year = {1972}}

@book{Fox:2016,
	Address = {Thousand Oaks, CA},
	Author = {John Fox},
	Date-Added = {2018-09-10 11:59:06 -0500},
	Date-Modified = {2018-09-10 12:00:27 -0500},
	Edition = {3},
	Publisher = {Sage},
	Title = {Applied Regression Analysis \& Generalized Linear Models},
	Year = {2016}}

@book{Snijders:2012,
	Address = {Thousand Oaks, CA},
	Author = {Tom A. B. Snijders and Roel J. Bosker},
	Date-Added = {2018-03-30 00:11:32 +0000},
	Date-Modified = {2018-03-30 00:13:01 +0000},
	Edition = {2},
	Publisher = {Sage},
	Title = {Multilevel Analysis: An Introduction to Basic and Advanced Multilevel Modeling},
	Year = {2012}}

@article{Hasson:2010,
	Author = {Dan Hasson and Petter Gustavsson},
	Date-Added = {2018-03-08 13:54:00 +0000},
	Date-Modified = {2018-03-08 13:56:24 +0000},
	Journal = {PLOS One},
	Number = {12},
	Pages = {e14265},
	Title = {Declining Sleep Quality among Nurses: A Population-Based Four-Year Longitudinal Study on the Transition from Nursing Education to Working Life},
	Url = {https://doi.org/10.1371/journal.pone.0014265},
	Volume = {5},
	Year = {2010},
	Bdsk-Url-1 = {https://doi.org/10.1371/journal.pone.0014265}}

@book{Myers:2003,
	Address = {Mahwah, NJ},
	Author = {Jerome L. Myers and Arnold D. Well},
	Date-Added = {2018-03-07 18:11:35 +0000},
	Date-Modified = {2018-03-07 18:13:00 +0000},
	Edition = {2},
	Publisher = {Lawrence Erlbaum Associates},
	Title = {Research Design and Statistical Analysis},
	Year = {2003}}

@article{Hamermesh:2005,
	Author = {Hamermesh, D. S. and Parker, A. M.},
	Date-Added = {2018-02-20 19:23:04 +0000},
	Date-Modified = {2018-02-20 19:23:52 +0000},
	Journal = {Economics of Education Review},
	Pages = {369--376},
	Title = {Beauty in the classroom: Instructors' pulchritude and putative pedagogical productivity},
	Volume = {24},
	Year = {2005}}

@book{Anderson:2008,
	Address = {New York},
	Author = {Anderson, D. R.},
	Date-Added = {2018-02-12 00:42:15 +0000},
	Date-Modified = {2018-02-12 00:43:09 +0000},
	Publisher = {Springer},
	Title = {Model based inference in the life sciences: A primer on evidence},
	Year = {2008}}

@book{Fox:2009,
	Address = {Thousand Oaks, CA},
	Author = {John Fox},
	Date-Added = {2018-01-16 21:34:35 +0000},
	Date-Modified = {2018-01-16 21:35:12 +0000},
	Publisher = {Sage},
	Title = {A mathematical primer for social statistics},
	Year = {2009}}

@book{Davison:1997,
	Address = {New York},
	Author = {Davison, A. and Hinkley, D. V.},
	Date-Added = {2018-01-10 02:51:55 +0000},
	Date-Modified = {2018-01-10 02:52:42 +0000},
	Publisher = {Cambridge University Press},
	Title = {Bootstrap methods and their application},
	Year = {1997}}

@misc{Kenny:2016,
	Author = {David A. Kenny},
	Date-Added = {2017-10-24 13:18:32 +0000},
	Date-Modified = {2017-10-24 13:20:38 +0000},
	Howpublished = {Personal website},
	Title = {Mediation},
	Url = {http://davidakenny.net/cm/mediate.htm},
	Year = {2016},
	Bdsk-Url-1 = {http://davidakenny.net/cm/mediate.htm}}

@article{Jones-White:2014,
	Author = {Daniel R. Jones-White and Peter M. Radcliffe and Linda M. Lorenz and Krista M. Soria},
	Date-Added = {2017-04-14 21:05:25 +0000},
	Date-Modified = {2017-04-14 21:07:54 +0000},
	Journal = {Research in Higher Education},
	Number = {4},
	Pages = {329--350},
	Title = {Priced Out?: The Influence of Financial Aid on the Educational Trajectories of First-Year Students Starting College at a Large Research University},
	Volume = {55},
	Year = {2014}}

@book{Long:2012,
	Address = {Thousand Oaks, CA},
	Author = {Jeffrey D. Long},
	Date-Added = {2017-03-31 15:08:48 +0000},
	Date-Modified = {2017-03-31 15:11:24 +0000},
	Publisher = {Sage Publications, Inc.},
	Title = {Longitudinal Data Analysis for the Behavioral Sciences using {R}},
	Year = {2012}}

@article{Woltman:2012,
	Author = {Heather Woltman and Andrea Feldstein and J. Christine Mac{K}ay and Meredith Rocchi},
	Date-Added = {2017-03-15 21:21:00 +0000},
	Date-Modified = {2017-03-15 21:22:33 +0000},
	Journal = {Tutorials in Quantitative Methods for Psychology},
	Number = {1},
	Pages = {52--69},
	Title = {An Introduction to Hierarchical Linear Modeling},
	Volume = {8},
	Year = {2012}}

@article{Burnham:2011,
	Author = {K. P. Burnham and D. R. Anderson and K. P. Huyvaert},
	Date-Added = {2017-02-18 16:11:34 +0000},
	Date-Modified = {2017-02-18 16:14:30 +0000},
	Journal = {Behavioral Ecology and Sociobiology},
	Number = {1},
	Pages = {23--35},
	Title = {{AIC} Model Selection and Multimodel Inference in Behavioral Ecology: Some Background, Observations, and Comparisons},
	Volume = {65},
	Year = {2011}}

@article{Hurvich:1989,
	Author = {Hurvich, C.M. and Tsai, C.-L.},
	Date-Added = {2017-02-13 23:06:56 +0000},
	Date-Modified = {2017-02-13 23:07:46 +0000},
	Journal = {Biometrika},
	Pages = {297--307},
	Title = {Regression and Time Series Model Selection in Small Samples,},
	Volume = {76},
	Year = {1989}}

@article{Benjamini:1995,
	Author = {Benjamini, Yoav and Hochberg, Yosef},
	Date-Added = {2016-10-30 16:51:29 +0000},
	Date-Modified = {2016-10-30 16:52:51 +0000},
	Journal = {Journal of the Royal Statistical Society, Series B},
	Number = {1},
	Pages = {289---300},
	Title = {Controlling the false discovery rate: a practical and powerful approach to multiple testing},
	Volume = {57},
	Year = {1995}}

@article{Williams:1999,
	Author = {Williams, V.S.L. and Jones, L.V. and Tukey, J.W.},
	Date-Added = {2016-10-30 15:31:58 +0000},
	Date-Modified = {2016-10-30 15:32:55 +0000},
	Journal = {Journal of Educational and Behavioral Statistics},
	Number = {1},
	Pages = {42--69},
	Title = {Controlling Error in Multiple Comparisons, With Examples From State-to-State Differences in Educational Achievement},
	Volume = {24},
	Year = {1999}}

@book{Lewis-Beck:2016,
	Address = {Thousand Oaks, CA},
	Author = {Colin Lewis-Beck and Michael Lewis-Beck},
	Date-Added = {2016-07-26 14:52:57 +0000},
	Date-Modified = {2017-01-10 16:52:04 +0000},
	Edition = {2},
	Publisher = {Sage},
	Series = {Quantitative Applications in the Social Sciences},
	Title = {Applied Regression: An Introduction},
	Year = {2016}}

@book{Gelman:2007,
	Address = {New York},
	Author = {Andrew Gelman and Jennifer Hill},
	Date-Added = {2016-05-04 13:03:55 +0000},
	Date-Modified = {2016-05-04 13:06:21 +0000},
	Publisher = {Cambridge University Press},
	Title = {Data Analysis Using Regression and Multilevel/Hierarchical Models},
	Year = {2007}}
